@inproceedings{stonebraker93,
	Author = {Michael Stonebraker and Rakesh Agrawal and Umeshwar Dayal and Erich J. Neuhold and Andreas Reuter},
	Booktitle = {VLDB '93 Proceedings of the 19th International Conference on Very Large Data Bases},
	Pages = {688--692},
	Publisher = {Morgan Kaufmann Publishers Inc.},
	Title = {DBMS Research at a Crossroads: The Vienna Update},
	Year = {1993}
}
	
@article{rocha09,
	author = {L. M. Rocha and F. A. M. Cappabianco and A. X. Falc{\~{a}}o},
	title = {Data clustering as an optimum-path forest problem with applications in image analysis},
	journal = {International Journal of Imaging Systems and Technology},
	year = {2009},
	volume = {19},
	pages = {50--68},
	number = {2},
    publisher = {Wiley Periodicals}
}

@article{singh15,
	author = {Singh, Sudhakar and Singh, Pankaj and Garg, Rakhi and K Mishra, P},
	year = {2015},
	month = {10},
	pages = {4633-4639},
	title = {Big Data: Technologies, Trends and Applications},
	volume = {6},
	booktitle = {International Journal of Computer Science and Information Technologies}
}

@article{krumhansl02,
	author = {Carol L. Krumhansl},
	title ={Music: A Link Between Cognition and Emotion},
	journal = {Current Directions in Psychological Science},
	volume = {11},
	number = {2},
	pages = {45-50},
	year = {2002},
	doi = {10.1111/1467-8721.00165},
	URL = { 
	        https://doi.org/10.1111/1467-8721.00165
	},
	eprint = { 
	        https://doi.org/10.1111/1467-8721.00165	    
	}
}

@article{webcrawler,
	author = {Abu Kausar, Mohammad and S. Dhaka, V and Kumar Singh, Sanjeev},
	year = {2013},
	month = {02},
	pages = {31-36},
	title = {Web Crawler: A Review},
	volume = {63},
	journal = {International Journal of Computer Applications},
	doi = {10.5120/10440-5125}
}

@article{scikit-learn,
 title={Scikit-learn: Machine Learning in {P}ython},
 author={Pedregosa, F. and Varoquaux, G. and Gramfort, A. and Michel, V.
         and Thirion, B. and Grisel, O. and Blondel, M. and Prettenhofer, P.
         and Weiss, R. and Dubourg, V. and Vanderplas, J. and Passos, A. and
         Cournapeau, D. and Brucher, M. and Perrot, M. and Duchesnay, E.},
 journal={Journal of Machine Learning Research},
 volume={12},
 pages={2825--2830},
 year={2011}
}

@inproceedings{sklearn_api,
  author    = {Lars Buitinck and Gilles Louppe and Mathieu Blondel and
               Fabian Pedregosa and Andreas Mueller and Olivier Grisel and
               Vlad Niculae and Peter Prettenhofer and Alexandre Gramfort
               and Jaques Grobler and Robert Layton and Jake VanderPlas and
               Arnaud Joly and Brian Holt and Ga{\"{e}}l Varoquaux},
  title     = {{API} design for machine learning software: experiences from the scikit-learn
               project},
  booktitle = {ECML PKDD Workshop: Languages for Data Mining and Machine Learning},
  year      = {2013},
  pages = {108--122},
}

@misc{scikitlearn_api_doc_regression,
  title = {{Scikit-learn} Regression metrics},
  url = {https://scikit-learn.org/stable/modules/model_evaluation.html#regression-metrics},
  urlaccessdate = {20 de março, 2019},
  organization={Scikit-learn developers },
  year = {2019}
}

@misc{spotify_api_doc,
  title = {{Spotify} API Documentation},
  url = {https://developer.spotify.com/documentation/web-api/},
  urlaccessdate = {22 de março, 2019},
  organization={Spotify AB},
  year = {2019}
}

@misc{spotipy,
  title = {{Spotipy} Documentation},
  author = {Paul Lamere},
  url = {https://spotipy.readthedocs.io},
  urlaccessdate = {23 de fevereiro, 2019},
  organization={Paul Lamere},
  year = {2019}
}

@misc{spotify_api,
  organization = {Spotify AB},
  title = {{Spotify API} Get Audio Features for a Track},
  url = {https://developer.spotify.com/documentation/web-api/reference/tracks/get-audio-features/},
  urlaccessdate = {22 de março, 2019},
  year = {2019}
}

@misc{spotify_charts,
  title = {{Spotify} Charts},
  organization = {Spotify AB},
  url = {https://spotifycharts.com},
  urlaccessdate = {25 de abril, 2019},
  year = {2019}
}

@misc{sidra,
  title = {{SIDRA}},
  organization = {IBGE},
  url = {https://sidra.ibge.gov.br/},
  urlaccessdate = {22 de maio 2019 2019-05-22},
  year = {2019}
}

@misc{pnad,
  title = {{SIDRA} Pesquisa Nacional por Amostra de Domicílios Contínua mensal},
  organization = {IBGE},
  url = {https://sidra.ibge.gov.br/Tabela/6387},
  urlaccessdate = {22 de maio 2019 2019-05-22},
  year = {2019}
}

@misc{ipca,
  title = {{SIDRA} Índice Nacional de Preços ao Consumidor Amplo},
  organization = {IBGE},
  url = {https://sidra.ibge.gov.br/tabela/1419},
  urlaccessdate = {22 de maio 2019 2019-05-22},
  year = {2019}
}

@misc{dadosgov,
  title = {Portal Brasileiro de Dados Abertos},
  organization = {Secretaria de Tecnologia da Informacao},
  url = {http://dados.gov.br/},
  urlaccessdate = {22 de maio 2019 2019-05-22},
  year = {2019}
}

@misc{selic,
  title = {Taxa de juros - {Selic} },
  organization = {Secretaria de Tecnologia da Informacao},
  url = {http://dados.gov.br/dataset/11-taxa-de-juros-selic},
  urlaccessdate = {22 de maio 2019 2019-05-22},
  year = {2019}
}

@misc{fycharts,
  title = {{Spotify} Charts API},
  organization = {Github},
  url = {https://github.com/kelvingakuo/fycharts},
  urlaccessdate = {14 de maio, 2019},
  year ={2019}
}

@misc{mod_fycharts,
  title = {{Spotify} Charts API},
  organization = {Github},
  url = {https://github.com/luckponte/fycharts},
  urlaccessdate = {14 de maio, 2019},
  year ={2019}
}

@inproceedings{aljanaki15,
  title={Emotion in Music Task at MediaEval 2015},
  author={Anna Aljanaki and Yi-Hsuan Yang and Mohammad Soleymani},
  booktitle={MediaEval},
  year={2015}
}

@unknown{panda13,
	author = {Panda, Renato and Malheiro, Ricardo and Rocha, Bruno and Oliveira, António and Paiva, Rui Pedro},
	year = {2013},
	month = {10},
	pages = {},
	title = {Multi-Modal Music Emotion Recognition: A New Dataset, Methodology and Comparative Analysis}
}



% http://mike2.openmethodology.org/wiki/Big_Data_Definition
% http://myweb.sabanciuniv.edu/rdehkharghani/files/2016/02/The-Morgan-Kaufmann-Series-in-Data-Management-Systems-Jiawei-Han-Micheline-Kamber-Jian-Pei-Data-Mining.-Concepts-and-Techniques-3rd-Edition-Morgan-Kaufmann-2011.pdf
% http://ijcsit.com/docs/Volume%206/vol6issue05/ijcsit20150605101.pdf
% https://github.com/janishar/mit-deep-learning-book-pdf/blob/master/complete-book-pdf/deeplearningbook.pdf
% https://s3.amazonaws.com/academia.edu.documents/34895485/CMMR2013_Marselha.pdf?AWSAccessKeyId=AKIAIWOWYYGZ2Y53UL3A&Expires=1522978678&Signature=2UJU6UZZRvapws4NVWINI4GYir8%3D&response-content-disposition=inline%3B%20filename%3DMulti-Modal_Emotion_Music_Recognition_ME.pdf