@inproceedings{stonebraker93,
	Author = {Michael Stonebraker and Rakesh Agrawal and Umeshwar Dayal and Erich J. Neuhold and Andreas Reuter},
	Booktitle = {VLDB '93 Proceedings of the 19th International Conference on Very Large Data Bases},
	Pages = {688--692},
	Publisher = {Morgan Kaufmann Publishers Inc.},
	Title = {DBMS Research at a Crossroads: The Vienna Update},
	Year = {1993}
}
	
@article{rocha09,
	author = {L. M. Rocha and F. A. M. Cappabianco and A. X. Falc{\~{a}}o},
	title = {Data clustering as an optimum-path forest problem with applications in image analysis},
	journal = {International Journal of Imaging Systems and Technology},
	year = {2009},
	volume = {19},
	pages = {50--68},
	number = {2},
    publisher = {Wiley Periodicals}
}

@article{singh15,
author = {Singh, Sudhakar and Singh, Pankaj and Garg, Rakhi and K Mishra, P},
year = {2015},
month = {10},
pages = {4633-4639},
title = {Big Data: Technologies, Trends and Applications},
volume = {6},
booktitle = {International Journal of Computer Science and Information Technologies}
}

@article{krumhansl02,
author = {Carol L. Krumhansl},
title ={Music: A Link Between Cognition and Emotion},
journal = {Current Directions in Psychological Science},
volume = {11},
number = {2},
pages = {45-50},
year = {2002},
doi = {10.1111/1467-8721.00165},

URL = { 
        https://doi.org/10.1111/1467-8721.00165
    
},
eprint = { 
        https://doi.org/10.1111/1467-8721.00165
    
}

@inproceedings{aljanaki15,
  title={Emotion in Music Task at MediaEval 2015},
  author={Anna Aljanaki and Yi-Hsuan Yang and Mohammad Soleymani},
  booktitle={MediaEval},
  year={2015}
}

@unknown{panda13,
author = {Panda, Renato and Malheiro, Ricardo and Rocha, Bruno and Oliveira, Ant√≥nio and Paiva, Rui Pedro},
year = {2013},
month = {10},
pages = {},
title = {Multi-Modal Music Emotion Recognition: A New Dataset, Methodology and Comparative Analysis}
}

% http://mike2.openmethodology.org/wiki/Big_Data_Definition
% http://myweb.sabanciuniv.edu/rdehkharghani/files/2016/02/The-Morgan-Kaufmann-Series-in-Data-Management-Systems-Jiawei-Han-Micheline-Kamber-Jian-Pei-Data-Mining.-Concepts-and-Techniques-3rd-Edition-Morgan-Kaufmann-2011.pdf
% http://ijcsit.com/docs/Volume%206/vol6issue05/ijcsit20150605101.pdf
% https://github.com/janishar/mit-deep-learning-book-pdf/blob/master/complete-book-pdf/deeplearningbook.pdf
% https://s3.amazonaws.com/academia.edu.documents/34895485/CMMR2013_Marselha.pdf?AWSAccessKeyId=AKIAIWOWYYGZ2Y53UL3A&Expires=1522978678&Signature=2UJU6UZZRvapws4NVWINI4GYir8%3D&response-content-disposition=inline%3B%20filename%3DMulti-Modal_Emotion_Music_Recognition_ME.pdf